@webpage {
	author = {Wikipedia}
	title = {Forth (programming language)}
	url = {https://en.wikipedia.org/wiki/Forth_(programming_language)}
	urldate = {2016-05-30}
}

@webpage {
	author = {NASA}
	title = {Space-Related Applications of Forth}
	url = {http://web.archive.org/web/20101024223709/http://forth.gsfc.nasa.gov/}
	urldate = {2016-05-30}
}

@webpage {
	author = {Rossettacode}
	title = {Forth}
	url = {http://rosettacode.org/wiki/Category:Forth}
	urldate = {2016-05-30}
}

@webpage {
	author = {Forth Interest Group}
	title = {Forth Interest Group}
	url = {http://www.forth.org/}
	urldate = {2016-05-30}
}

@webpage {
	author = {Elizabeth D. Rather, Donald R. Colburn, Charles H. Moore}
	title = {The evolution of FORTH}
	url = {https://www.forth.com/resources/forth-programming-language/}
	urldate = {2016-05-30}
}
	
	